<?xml version="1.0" encoding="UTF-8"?><record xmlns="http://www.loc.gov/MARC21/slim" xmlns:cinclude="http://apache.org/cocoon/include/1.0" xmlns:zs="http://www.loc.gov/zing/srw/">
  <leader>00902cz  a2200205n  4500</leader>
  <controlfield tag="001">n  88173782 </controlfield>
  <controlfield tag="003">DLC</controlfield>
  <controlfield tag="005">20140226143310.0</controlfield>
  <controlfield tag="008">890510n| azannaabn          |b aaa      </controlfield>
  <datafield tag="010" ind1=" " ind2=" ">
    <subfield code="a">n  88173782 </subfield>
  </datafield>
  <datafield tag="035" ind1=" " ind2=" ">
    <subfield code="a">(OCoLC)oca02521965</subfield>
  </datafield>
  <datafield tag="040" ind1=" " ind2=" ">
    <subfield code="a">DNLM</subfield>
    <subfield code="b">eng</subfield>
    <subfield code="e">rda</subfield>
    <subfield code="c">DLC</subfield>
    <subfield code="d">DLC</subfield>
    <subfield code="d">OCoLC</subfield>
    <subfield code="d">DNLM</subfield>
  </datafield>
  <datafield tag="046" ind1=" " ind2=" ">
    <subfield code="f">1939</subfield>
  </datafield>
  <datafield tag="100" ind1="1" ind2=" ">
    <subfield code="a">Kosaka, Kenji,</subfield>
    <subfield code="d">1939-</subfield>
  </datafield>
  <datafield tag="373" ind1=" " ind2=" ">
    <subfield code="a">Yokohama Shiritsu Daigaku</subfield>
    <subfield code="2">naf</subfield>
  </datafield>
  <datafield tag="400" ind1="1" ind2=" ">
    <subfield code="a">小阪憲司,</subfield>
    <subfield code="d">1939-</subfield>
  </datafield>
  <datafield tag="667" ind1=" " ind2=" ">
    <subfield code="a">Machine-derived non-Latin script reference project.</subfield>
  </datafield>
  <datafield tag="667" ind1=" " ind2=" ">
    <subfield code="a">Non-Latin script reference not evaluated.</subfield>
  </datafield>
  <datafield tag="670" ind1=" " ind2=" ">
    <subfield code="a">His Rōkasei chihō no rinshō, 1988:</subfield>
    <subfield code="b">t.p. (Kosaka Kenji) colophon (r; b. 1939; ch., Tōkyō-to Seishin Igaku Sōgō Kenkyūjo Shinkei Byōri Kenkyūshitsu)</subfield>
  </datafield>
  <datafield tag="670" ind1=" " ind2=" ">
    <subfield code="a">Rebī shōtaigata ninchishō no rinshō, 2010:</subfield>
    <subfield code="b">t.p. (小阪憲司 = Kosaka Kenji; Yokohama Shiritsu Daigaku, meiyo kyōju; Yokohama Hōyū Byōin, iinchō)</subfield>
  </datafield>
</record>